@misc{bpgtei,
  type =	 {Text},
  title =	 {Best Practices for {TEI} in Libraries},
  url =
                  {http://www.tei-c.org/SIG/Libraries/teiinlibraries/main-driver.html},
  urldate =	 {2013-04-28},
  howpublished =
                  {http://www.tei-{c.org/SIG/Libraries/teiinlibraries/main-driver.html}},
  file =
                  {Snapshot:/home/jpeak5/.mozilla/firefox/442madvt.default/zotero/storage/5WTB8UT7/main-driver.html:text/html}
}
